@article{aigner1984game,
  title={A game of cops and robbers},
  author={Aigner, Martin and Fromme, Michael},
  journal={Discrete Applied Mathematics},
  volume={8},
  number={1},
  pages={1--12},
  year={1984}
}

@article{BabsonKozlov2006,
	Author = {Babson, Eric and Kozlov, Dmitry N.},
	Date-Modified = {2018-03-10 00:42:31 +0000},
	Journal = {Israel Journal of Mathematics},
	Number = {1},
	Pages = {285--312},
	Title = {Complexes of graph homomorphisms},
	Volume = {152},
	Year = {2006}}
	
@article{barmak2012strong,
  title={Strong homotopy types, nerves and collapses},
  author={Barmak, Jonathan Ariel and Minian, Elias Gabriel},
  journal={Discrete \& Computational Geometry},
  volume={47},
  number={2},
  pages={301--328},
  year={2012},
  publisher={Springer}
}

@book{bonato2011game,
  title={The game of cops and robbers on graphs},
  author={Bonato, Anthony},
  year={2011},
  publisher={American Mathematical Soc.}
}

@article{chambers2010vietoris,
  title={Vietoris--{R}ips complexes of planar point sets},
  author={Chambers, Erin W and De Silva, Vin and Erickson, Jeff and Ghrist, Robert},
  journal={Discrete \& Computational Geometry},
  volume={44},
  number={1},
  pages={75--90},
  year={2010},
  publisher={Springer}
}

@article{Matouvsek2008,
	Author = {Matou{\v{s}}ek, Ji{\v{r}}{\'\i}},
	Journal = {Contributions to Discrete Mathematics},
	Number = {2},
	Title = {{LC} reductions yield isomorphic simplicial complexes},
	Volume = {3},
	Year = {2008}
}
	
@article{Latschev2001,
    author =       "Latschev, Janko",
    title =        "Vietoris-Rips complexes of metric spaces near a closed Riemannian manifold",
    journal =      "Archiv der Mathematik",
    volume =       "77",
    number =       "6",
    pages =        "522-528",
    year =         "2001",
    DOI =          "https://doi.org/10.1007/PL00000526"
}

@article{Chambers2008,
    author = {Chambers, Erin W. and Erickson, Jeff and Worah, Pratik},
    title = {Testing Contractibility in Planar Rips Complexes},
    year = {2008},
    isbn = {978-1-60558-071-5},
    pages = {251-259},
    url = {http://doi.acm.org/10.1145/1377676.1377721},
    doi = {10.1145/1377676.1377721},
    publisher = {ACM}
}

@article{Boulet2010,
    title = "Simplicial simple-homotopy of flag complexes in terms of graphs",
    journal = "European Journal of Combinatorics",
    volume = "31",
    number = "1",
    pages = "161 - 176",
    year = "2010",
    doi = "https://doi.org/10.1016/j.ejc.2009.05.003",
    url = "http://www.sciencedirect.com/science/article/pii/S0195669809001309",
    author = "Romain Boulet and Etienne Fieux and Bertrand Jouve"
}

@article{Attali2013,
    author = "Dominique Attali and Andr√© Lieutier and David Salinas",
    title = "Collapsing Rips complexes",
    journal = "EuroCG",
    pages = "25-28",
    year = "2013",
    url = "http://www.gipsa-lab.grenoble-inp.fr/~dominique.attali/Publications/2013-socg-rips.pdf"
}